@article{SMSM99,
  title={Policy gradient methods for reinforcement learning with function approximation},
  author={Sutton, Richard S and McAllester, David and Singh, Satinder and Mansour, Yishay},
  journal={Advances in neural information processing systems},
  volume={12},
  year={1999}
}


@article{RST23,
	Author = {Reppen, A. Max and Soner, H. Mete and Tissot-Daguette, Valentin},
	Da = {2023/03/01},
	Date-Added = {2024-11-05 13:06:56 -0500},
	Date-Modified = {2024-11-05 13:06:56 -0500},
	Doi = {10.1007/s42521-022-00074-6},
	Id = {Reppen2023},
	Isbn = {2524-6186},
	Journal = {Digital Finance},
	Number = {1},
	Pages = {91--111},
	Title = {Deep stochastic optimization in finance},
	Ty = {JOUR},
	Url = {https://doi.org/10.1007/s42521-022-00074-6},
	Volume = {5},
	Year = {2023},
	Bdsk-Url-1 = {https://doi.org/10.1007/s42521-022-00074-6}}


@article{K01,
  title={A natural policy gradient},
  author={Kakade, Sham M},
  journal={Advances in neural information processing systems},
  volume={14},
  year={2001}
}

@article{AS96,
  title={Level set approach to mean curvature flow in arbitrary codimension},
  author={Ambrosio, Luigi and Soner, Halil Mete},
  journal={Journal of differential geometry},
  volume={43},
  number={4},
  pages={693--737},
  year={1996},
  publisher={Lehigh University}
}

@article{FMW20,
  title={Deep learning for discrete-time hedging in incomplete markets},
  author={Fecamp, Simon and Mikael, Joseph and Warin, Xavier},
  journal={Journal of computational Finance},
  volume={25},
  number={2},
  year={2020}
}

@misc{Duong_Reduction_Method_for,
author = {Duong, Hung and Fahim, Arash},
title = {{Reduction Method for Fully Nonlinear PDEs}},
url = {https://github.com/arashfahim/reduction-method-for-fully-nonlinear-PDEs},
version = {0.0.0},
year ={2024}
}

@article{BT96,
  title={Neuro-dynamic programming},
  author={Bertsekas, DP anf Tsitsiklis, JN},
  journal={Athena Scientific},
  year={1996}
}

@article{PB24,
  title={Efficient and scalable path-planning algorithms for curvature constrained motion in the Hamilton-Jacobi formulation},
  author={Parkinson, Christian and Boyle, Isabelle},
  journal={Journal of Computational Physics},
  volume={509},
  pages={113050},
  year={2024},
  publisher={Elsevier}
}
@inproceedings{PC22,
  title={Time-optimal paths for simple cars with moving obstacles in the Hamilton-Jacobi formulation},
  author={Parkinson, Christian and Ceccia, Madeline},
  booktitle={2022 American Control Conference (ACC)},
  pages={2944--2949},
  year={2022},
  organization={IEEE}
}

@article {JZ23,
    AUTHOR = {Jia, Yanwei and Zhou, Xun Yu},
     TITLE = {q-learning in continuous time},
   JOURNAL = {J. Mach. Learn. Res.},
  FJOURNAL = {Journal of Machine Learning Research (JMLR)},
    VOLUME = {24},
      YEAR = {2023},
     PAGES = {Paper No. [161], 61},
      ISSN = {1532-4435,1533-7928},
   MRCLASS = {93E20 (60H30 68T07 90C40 93E35)},
  MRNUMBER = {4596108},
}

@article{JW23,
  title={Overall error analysis for the training of deep neural networks via stochastic gradient descent with random initialisation},
  author={Jentzen, Arnulf and Welti, Timo},
  journal={Applied Mathematics and Computation},
  volume={455},
  pages={127907},
  year={2023},
  publisher={Elsevier}
}

@article{DF24,
  title={Gradient ascend method for fully nonlinear parabolic differential equations with convex nonlinearity},
  author={Duong, Hung and Fahim, Arash},
  journal={arXiv preprint arXiv:2406.06787},
  year={2024}
}

@article{ST09,
  title={The dynamic programming equation for second order stochastic target problems},
  author={Soner, H Mete and Touzi, Nizar},
  journal={SIAM Journal on Control and Optimization},
  volume={48},
  number={4},
  pages={2344--2365},
  year={2009},
  publisher={SIAM}
}

@article{ST03,
  title={A stochastic representation for mean curvature type geometric flows},
  author={Soner, H Mete and Touzi, Nizar},
  journal={The Annals of probability},
  volume={31},
  number={3},
  pages={1145--1165},
  year={2003},
  publisher={Institute of Mathematical Statistics}
}

@article{ST02,
  title={Dynamic programming for stochastic target problems and geometric flows},
  author={Soner, H Mete and Touzi, Nizar},
  journal={Journal of the European Mathematical Society},
  volume={4},
  number={3},
  pages={201--236},
  year={2002}
}

@article {JZ22,
    AUTHOR = {Jia, Yanwei and Zhou, Xun Yu},
     TITLE = {Policy gradient and actor-critic learning in continuous time
              and space: theory and algorithms},
   JOURNAL = {J. Mach. Learn. Res.},
  FJOURNAL = {Journal of Machine Learning Research (JMLR)},
    VOLUME = {23},
      YEAR = {2022},
     PAGES = {Paper No. [275], 50},
      ISSN = {1532-4435,1533-7928},
   MRCLASS = {68T05 (60G44 65C30)},
  MRNUMBER = {4577714},
}

@article{SS18,
title = {DGM: A deep learning algorithm for solving partial differential equations},
journal = {Journal of Computational Physics},
volume = {375},
pages = {1339-1364},
year = {2018},
issn = {0021-9991},
doi = {https://doi.org/10.1016/j.jcp.2018.08.029},
url = {https://www.sciencedirect.com/science/article/pii/S0021999118305527},
author = {Justin Sirignano and Konstantinos Spiliopoulos},
keywords = {Partial differential equations, Machine learning, Deep learning, High-dimensional partial differential equations},
}

@article{PINN1,
  title={Physics informed deep learning (part i): Data-driven solutions of nonlinear partial differential equations},
  author={Raissi, Maziar and Perdikaris, Paris and Karniadakis, George Em},
  journal={arXiv preprint arXiv:1711.10561},
  year={2017}
}
@article{PINN2,
  title={Physics Informed Deep Learning (Part II): Data-driven Discovery of Nonlinear Partial Differential Equations},
  author={Raissi, Maziar and Perdikaris, Paris and Karniadakis, George Em},
  journal={arXiv preprint arXiv:1711.10566},
  year={2017}
}
@article {STZ12,
    AUTHOR = {Soner, H. Mete and Touzi, Nizar and Zhang, Jianfeng},
     TITLE = {Wellposedness of second order backward {SDE}s},
   JOURNAL = {Probab. Theory Related Fields},
  FJOURNAL = {Probability Theory and Related Fields},
    VOLUME = {153},
      YEAR = {2012},
    NUMBER = {1-2},
     PAGES = {149--190},
      ISSN = {0178-8051},
   MRCLASS = {60H10 (60H30)},
  MRNUMBER = {2925572},
MRREVIEWER = {Ju-Liang Yin},
       DOI = {10.1007/s00440-011-0342-y},
       URL = {https://doi.org/10.1007/s00440-011-0342-y},
}

@article{FL17,
  title={Optimal portfolio execution under time-varying liquidity constraints},
  author={Lin, Hua-Yi and Fahim, Arash},
  journal={Applied Mathematical Finance},
  volume={24},
  number={5},
  pages={387--416},
  year={2017},
  publisher={Taylor \& Francis}
}

@book{KW2023book,
  title={Handbook of Price Impact Modeling},
  author={Webster, Kevin T},
  year={2023},
  publisher={Chapman and Hall/CRC}
}

@misc{EH2016,
      title={Deep Learning Approximation for Stochastic Control Problems}, 
      author={Jiequn Han and Weinan E},
      year={2016},
      eprint={1611.07422},
      archivePrefix={arXiv}
}


@article{LJPZK21,
	Author = {Lu, Lu and Jin, Pengzhan and Pang, Guofei and Zhang, Zhongqiang and Karniadakis, George Em},
	Da = {2021/03/01},
	Date-Added = {2024-11-01 14:04:13 -0400},
	Date-Modified = {2024-11-01 14:04:13 -0400},
	Doi = {10.1038/s42256-021-00302-5},
	Id = {Lu2021},
	Isbn = {2522-5839},
	Journal = {Nature Machine Intelligence},
	Number = {3},
	Pages = {218--229},
	Title = {Learning nonlinear operators via DeepONet based on the universal approximation theorem of operators},
	Ty = {JOUR},
	Url = {https://doi.org/10.1038/s42256-021-00302-5},
	Volume = {3},
	Year = {2021},
	Bdsk-Url-1 = {https://doi.org/10.1038/s42256-021-00302-5}
}

@misc{Fahim_Graduate_Course_Deep,
author = {Fahim, Arash},
title = {{Graduate Course: Deep Learning for Optimal Control}},
url = {https://github.com/arashfahim/Stochastic_Control_FSU},
version = {0.0.0},
year={2024}
}

@article{GGJKS22,
  title={Uniform error estimates for artificial neural network approximations for heat equations},
  author={Gonon, Lukas and Grohs, Philipp and Jentzen, Arnulf and Kofler, David and {\v{S}}i{\v{s}}ka, David},
  journal={IMA Journal of Numerical Analysis},
  volume={42},
  number={3},
  pages={1991--2054},
  year={2022},
  publisher={Oxford University Press}
}

@article{Chesney-Scott-1989,
  title={Pricing European currency options: A comparison of the modified Black-Scholes model and a random variance model},
  author={Chesney, Marc and Scott, Louis},
  journal={Journal of Financial and Quantitative Analysis},
  volume={24},
  number={3},
  pages={267--284},
  year={1989},
  publisher={Cambridge University Press}
}

@article{FSU19,
  title={Optimal trade execution in order books with stochastic liquidity},
  author={Fruth, Antje and Sch{\"o}neborn, Torsten and Urusov, Mikhail},
  journal={Mathematical Finance},
  volume={29},
  number={2},
  pages={507--541},
  year={2019},
  publisher={Wiley Online Library}
}



@article{AFS08,
  title={Constrained portfolio liquidation in a limit order book model},
  author={Alfonsi, Aur{\'e}lien and Fruth, Antje and Schied, Alexander},
  journal={Banach Center Publications},
  volume={83},
  number={1},
  pages={9--25},
  year={2008},
  publisher={Institute of Mathematics Polish Academy of Sciences}
}


@article{HPW20,
  title={Deep backward schemes for high-dimensional nonlinear PDEs},
  author={Hur{\'e}, C{\^o}me and Pham, Huy{\^e}n and Warin, Xavier},
  journal={Mathematics of Computation},
  volume={89},
  number={324},
  pages={1547--1579},
  year={2020}
}

@article{CLV24,
  title={On parametric optimal execution and machine learning surrogates},
  author={Chen, Tao and Ludkovski, Mike and Vo{\ss}, Moritz},
  journal={Quantitative Finance},
  volume={24},
  number={1},
  pages={15--34},
  year={2024},
  publisher={Taylor \& Francis}
}

@article{RS2023,
  title={Deep empirical risk minimization in finance: Looking into the future},
  author={Reppen, Anders Max and Soner, Halil Mete},
  journal={Mathematical Finance},
  volume={33},
  number={1},
  pages={116--145},
  year={2023},
  publisher={Wiley Online Library}
}

@article{BCJW2021,
  title={Solving high-dimensional optimal stopping problems using deep learning},
  author={Becker, Sebastian and Cheridito, Patrick and Jentzen, Arnulf and Welti, Timo},
  journal={European Journal of Applied Mathematics},
  volume={32},
  number={3},
  pages={470--514},
  year={2021},
  publisher={Cambridge University Press}
}

@article{BCJ2019,
  title={Deep optimal stopping},
  author={Becker, Sebastian and Cheridito, Patrick and Jentzen, Arnulf},
  journal={Journal of Machine Learning Research},
  volume={20},
  number={74},
  pages={1--25},
  year={2019}
}



@article {BEJ19,
    AUTHOR = {Beck, Christian and E, Weinan and Jentzen, Arnulf},
     TITLE = {Machine learning approximation algorithms for high-dimensional
              fully nonlinear partial differential equations and
              second-order backward stochastic differential equations},
   JOURNAL = {J. Nonlinear Sci.},
  FJOURNAL = {Journal of Nonlinear Science},
    VOLUME = {29},
      YEAR = {2019},
    NUMBER = {4},
     PAGES = {1563--1619},
      ISSN = {0938-8974},
   MRCLASS = {65Z05 (35K55 35R60 60H10)},
  MRNUMBER = {3993178},
       DOI = {10.1007/s00332-018-9525-3},
       URL = {https://doi.org/10.1007/s00332-018-9525-3},
}

@article {BHLP22,
    AUTHOR = {Bachouch, Achref and Hur\'{e}, C\^{o}me and Langren\'{e}, Nicolas and
              Pham, Huy\^{e}n},
     TITLE = {Deep neural networks algorithms for stochastic control
              problems on finite horizon: numerical applications},
   JOURNAL = {Methodol. Comput. Appl. Probab.},
  FJOURNAL = {Methodology and Computing in Applied Probability},
    VOLUME = {24},
      YEAR = {2022},
    NUMBER = {1},
     PAGES = {143--178},
      ISSN = {1387-5841},
   MRCLASS = {93E35 (65C20 65K10 68T07 90C39 90C40 93E20)},
  MRNUMBER = {4379483},
       DOI = {10.1007/s11009-019-09767-9},
       URL = {https://doi.org/10.1007/s11009-019-09767-9},
}



@book{T12,
  title={Optimal stochastic control, stochastic target problems, and backward SDE},
  author={Touzi, Nizar},
  volume={29},
  year={2012},
  publisher={Springer Science \& Business Media}
}

@article{GPW21,
  title={Neural networks-based backward scheme for fully nonlinear {PDE}s},
  author={Germain, Maximilien and Pham, Huyen and Warin, Xavier },
  journal={SN Partial Differential Equations and Applications},
  volume={2},
  number={1},
  pages={16},
  year={2021},
  publisher={Springer}
}

@book{KP13,
  title={Numerical Solution of Stochastic Differential Equations},
  author={Kloeden, Peter E and Platen, Eckhard},
  volume={23},
  year={2013},
  publisher={Springer Science \& Business Media}
}

@article{OW13,
  title={Optimal trading strategy and supply/demand dynamics},
  author={Obizhaeva, Anna A and Wang, Jiang},
  journal={Journal of Financial markets},
  volume={16},
  number={1},
  pages={1--32},
  year={2013},
  publisher={Elsevier}
}

@article{FSU14,
  title={Optimal trade execution and price manipulation in order books with time-varying liquidity},
  author={Fruth, Antje and Sch{\"o}neborn, Torsten and Urusov, Mikhail},
  journal={Mathematical Finance},
  volume={24},
  number={4},
  pages={651--695},
  year={2014},
  publisher={Wiley Online Library}
}

@article{AKU24,
  title={Reducing Obizhaeva--Wang-type trade execution problems to {LQ} stochastic control problems},
  author={Ackermann, Julia and Kruse, Thomas and Urusov, Mikhail},
  journal={Finance and Stochastics},
  pages={1--51},
  year={2024},
  publisher={Springer}
}

@book{Z01,
  title={Some fine properties of backward stochastic differential equations},
  author={Zhang, Jianfeng},
  year={2001},
  publisher={Purdue University}
}

@phdthesis{HD23,
  title={Solving High-Dimensional Fully Nonlinear Convex Partial Differential Equations Using Deep Learning},
  author={Duong, Hung},
  year={2023},
  school={The Florida State University}
}

@book {MY99,
    AUTHOR = {Ma, Jin and Yong, Jiongmin},
     TITLE = {Forward-backward stochastic differential equations and their
              applications},
    SERIES = {Lecture Notes in Mathematics},
    VOLUME = {1702},
 PUBLISHER = {Springer-Verlag, Berlin},
      YEAR = {1999},
     PAGES = {xiv+270},
      ISBN = {3-540-65960-9},
   MRCLASS = {60H10},
  MRNUMBER = {1704232},
MRREVIEWER = {Fabio\ Antonelli},
}

@article {JK2002,
    AUTHOR = {Jakobsen, Espen R. and Karlsen, Kenneth H.},
     TITLE = {Continuous dependence estimates for viscosity solutions of
              fully nonlinear degenerate parabolic equations},
   JOURNAL = {J. Differential Equations},
  FJOURNAL = {Journal of Differential Equations},
    VOLUME = {183},
      YEAR = {2002},
    NUMBER = {2},
     PAGES = {497--525},
      ISSN = {0022-0396,1090-2732},
   MRCLASS = {35K55 (35B30 35K65 49L25)},
  MRNUMBER = {1919788},
MRREVIEWER = {Naoki\ Yamada},
       DOI = {10.1006/jdeq.2001.4136},
       URL = {https://doi.org/10.1006/jdeq.2001.4136},
}

@article {CIL92,
    AUTHOR = {Crandall, Michael G. and Ishii, Hitoshi and Lions,
              Pierre-Louis},
     TITLE = {User's guide to viscosity solutions of second order partial
              differential equations},
   JOURNAL = {Bull. Amer. Math. Soc. (N.S.)},
  FJOURNAL = {American Mathematical Society. Bulletin. New Series},
    VOLUME = {27},
      YEAR = {1992},
    NUMBER = {1},
     PAGES = {1--67},
      ISSN = {0273-0979,1088-9485},
   MRCLASS = {35J60 (35B05 35D05 35G20)},
  MRNUMBER = {1118699},
MRREVIEWER = {P.\ Szeptycki},
       DOI = {10.1090/S0273-0979-1992-00266-5},
       URL = {https://doi.org/10.1090/S0273-0979-1992-00266-5},
}

@article{BT04,
  title={Discrete-time approximation and Monte-Carlo simulation of backward stochastic differential equations},
  author={Bouchard, Bruno and Touzi, Nizar},
  journal={Stochastic Processes and their applications},
  volume={111},
  number={2},
  pages={175--206},
  year={2004},
  publisher={Elsevier}
}


@article{BF14,
  title={A stochastic approximation for fully nonlinear free boundary parabolic problems},
  author={Bayraktar, Erhan and Fahim, Arash},
  journal={Numerical Methods for Partial Differential Equations},
  volume={30},
  number={3},
  pages={902--929},
  year={2014},
  publisher={Wiley Online Library}
}

@article{CSTV07,
  AUTHOR = {Cheridito, Patrick and Soner, H. Mete and Touzi, Nizar and
              Victoir, Nicolas},
     TITLE = {Second-order backward stochastic differential equations and
              fully nonlinear parabolic {PDE}s},
   JOURNAL = {Comm. Pure Appl. Math.},
  FJOURNAL = {Communications on Pure and Applied Mathematics},
    VOLUME = {60},
      YEAR = {2007},
    NUMBER = {7},
     PAGES = {1081--1110},
      ISSN = {0010-3640},
   MRCLASS = {60H10 (35R60 60H35)},
  MRNUMBER = {2319056},
MRREVIEWER = {Rainer Buckdahn},
       DOI = {10.1002/cpa.20168},
       URL = {https://doi.org/10.1002/cpa.20168},
}

@article {Karandikar,
    AUTHOR = {Karandikar, Rajeeva L.},
     TITLE = {On pathwise stochastic integration},
   JOURNAL = {Stochastic Process. Appl.},
  FJOURNAL = {Stochastic Processes and their Applications},
    VOLUME = {57},
      YEAR = {1995},
    NUMBER = {1},
     PAGES = {11--18},
      ISSN = {0304-4149},
   MRCLASS = {60H05},
  MRNUMBER = {1327950},
MRREVIEWER = {Guang Lu Gong},
       DOI = {10.1016/0304-4149(95)00002-O},
       URL = {https://doi.org/10.1016/0304-4149(95)00002-O},
}

@article{Zar01,
author = {Zariphopoulou, Thaleia},
year = {2001},
month = {02},
pages = {61-82},
title = {A Solution Approach to Valuation With Unhedgeable Risks},
volume = {5},
journal = {Finance and Stochastics},
doi = {10.1007/PL00000040}
}

@article {STZ12,
    AUTHOR = {Soner, H. Mete and Touzi, Nizar and Zhang, Jianfeng},
     TITLE = {Wellposedness of second order backward {SDE}s},
   JOURNAL = {Probab. Theory Related Fields},
  FJOURNAL = {Probability Theory and Related Fields},
    VOLUME = {153},
      YEAR = {2012},
    NUMBER = {1-2},
     PAGES = {149--190},
      ISSN = {0178-8051},
   MRCLASS = {60H10 (60H30)},
  MRNUMBER = {2925572},
MRREVIEWER = {Ju-Liang Yin},
       DOI = {10.1007/s00440-011-0342-y},
       URL = {https://doi.org/10.1007/s00440-011-0342-y},
}

@misc{M24,
 author = {Miller, Sandi},
 year = {2024},
 title = {Technique could efficiently solve partial differential equations for numerous applications},
 journal = {MIT NEWS},
 url = {https://news.mit.edu/2024/peds-technique-could-efficiently-solve-partial-differential-equations-0108},
 urldate = {2024/08/01}
}

@article{Chesney-Scott-1989,
  title={Pricing European currency options: A comparison of the modified Black-Scholes model and a random variance model},
  author={Chesney, Marc and Scott, Louis},
  journal={Journal of Financial and Quantitative Analysis},
  volume={24},
  number={3},
  pages={267--284},
  year={1989},
  publisher={Cambridge University Press}
}

@article {BWJ19,
    AUTHOR = {Beck, Christian and E, Weinan and Jentzen, Arnulf},
     TITLE = {Machine learning approximation algorithms for high-dimensional
              fully nonlinear partial differential equations and
              second-order backward stochastic differential equations},
   JOURNAL = {J. Nonlinear Sci.},
  FJOURNAL = {Journal of Nonlinear Science},
    VOLUME = {29},
      YEAR = {2019},
    NUMBER = {4},
     PAGES = {1563--1619},
      ISSN = {0938-8974},
   MRCLASS = {65Z05 (35K55 35R60 60H10)},
  MRNUMBER = {3993178},
       DOI = {10.1007/s00332-018-9525-3},
       URL = {https://doi.org/10.1007/s00332-018-9525-3},
}

@article {BHLP22,
    AUTHOR = {Bachouch, Achref and Hur\'{e}, C\^{o}me and Langren\'{e}, Nicolas and
              Pham, Huy\^{e}n},
     TITLE = {Deep neural networks algorithms for stochastic control
              problems on finite horizon: numerical applications},
   JOURNAL = {Methodol. Comput. Appl. Probab.},
  FJOURNAL = {Methodology and Computing in Applied Probability},
    VOLUME = {24},
      YEAR = {2022},
    NUMBER = {1},
     PAGES = {143--178},
      ISSN = {1387-5841},
   MRCLASS = {93E35 (65C20 65K10 68T07 90C39 90C40 93E20)},
  MRNUMBER = {4379483},
       DOI = {10.1007/s11009-019-09767-9},
       URL = {https://doi.org/10.1007/s11009-019-09767-9},
}

@article{GPW22,
    AUTHOR = {Germain, Maximilien and Pham, Huy\^{e}n and Warin, Xavier},
     TITLE = {Approximation error analysis of some deep backward schemes for
              nonlinear {PDE}s},
   JOURNAL = {SIAM J. Sci. Comput.},
  FJOURNAL = {SIAM Journal on Scientific Computing},
    VOLUME = {44},
      YEAR = {2022},
    NUMBER = {1},
     PAGES = {A28--A56},
      ISSN = {1064-8275},
   MRCLASS = {65M99 (60H35 65C20 65M12)},
  MRNUMBER = {4358471},
MRREVIEWER = {Xiaobing Henry Feng},
       DOI = {10.1137/20M1355355},
       URL = {https://doi.org/10.1137/20M1355355},
}


@book{T12,
  title={Optimal stochastic control, stochastic target problems, and backward SDE},
  author={Touzi, Nizar},
  volume={29},
  year={2012},
  publisher={Springer Science \& Business Media}
}


@misc{deeprepo,
  author = {Hung Duong and Arash Fahim},
  title = {Deep Schemes for Control},
  year = {2024},
  publisher = {GitHub},
  journal = {GitHub repository},
  howpublished = {\url{https://github.com/arashfahim/Deep-Schemes-for-Control}},
doi = {https://doi.org/10.5281/zenodo.13899317},
}


@article{SZ99,
  title={Stochastic volatility with an Ornstein--Uhlenbeck process: an extension},
  author={Sch{\"o}bel, Rainer and Zhu, Jianwei},
  journal={Review of Finance},
  volume={3},
  number={1},
  pages={23--46},
  year={1999},
  publisher={European Finance Association}
}

@phdthesis{HD23,
  title={Solving High-Dimensional Fully Nonlinear Convex Partial Differential Equations Using Deep Learning},
  author={Duong, Hung},
  year={2023},
  school={The Florida State University}
}

@article{GLW05,
  title={A Regression-Based Monte Carlo Method to Solve Backward Stochastic Differential Equations},
  author={Gobet, Emmanuel and Lemor, Jean-Philippe and Warin, Xavier},
  journal={Annals of Applied Probability},
  pages={2172--2202},
  year={2005},
  publisher={JSTOR}
}

@article{ZZ14,
  title={Monotone schemes for fully nonlinear parabolic path dependent PDEs},
  author={Zhang, Jianfeng and Zhuo, Jia},
  journal={Journal of Financial Engineering},
  volume={1},
  number={01},
  pages={1450005},
  year={2014},
  publisher={World Scientific}
}

@article{AA13,
title = {Reducing variance in the numerical solution of BSDEs},
journal = {Comptes Rendus Mathematique},
volume = {351},
number = {3},
pages = {135-138},
year = {2013},
issn = {1631-073X},
doi = {https://doi.org/10.1016/j.crma.2013.02.010},
url = {https://www.sciencedirect.com/science/article/pii/S1631073X1300037X},
author = {Alanko, Samu  and  Avellaneda, Marco}
}

@article{GZZ15,
  title={A monotone scheme for high-dimensional fully nonlinear PDEs},
  author={Guo, Wenjie and Zhang, Jianfeng and Zhuo, Jia},
  journal={The Annals of Applied Probability},
  volume={25},
  number={3},
  year={2015},
  publisher={Institute of Mathematical Statistics}
}

@article{T13,
  title={A splitting method for fully nonlinear degenerate parabolic PDEs},
  author={Tan, Xiaolu},
  journal={Electron. J. Probab},
  volume={18},
  number={15},
  pages={1--24},
  year={2013},
  publisher={Citeseer}
}

@article{FTW11,
  title={A probabilistic numerical method for fully nonlinear parabolic PDEs},
  author={Fahim, Arash and Touzi, Nizar and Warin, Xavier},
  journal={The Annals of Applied Probability},
  volume={21},
  number={4},
  pages={1322},
  year={2011},
  publisher={Institute of Mathematical Statistics}
}

@book {MY99,
    AUTHOR = {Ma, Jin and Yong, Jiongmin},
     TITLE = {Forward-backward stochastic differential equations and their
              applications},
    SERIES = {Lecture Notes in Mathematics},
    VOLUME = {1702},
 PUBLISHER = {Springer-Verlag, Berlin},
      YEAR = {1999},
     PAGES = {xiv+270},
      ISBN = {3-540-65960-9},
   MRCLASS = {60H10},
  MRNUMBER = {1704232},
MRREVIEWER = {Fabio\ Antonelli},
}

@article {JK2002,
    AUTHOR = {Jakobsen, Espen R. and Karlsen, Kenneth H.},
     TITLE = {Continuous dependence estimates for viscosity solutions of
              fully nonlinear degenerate parabolic equations},
   JOURNAL = {J. Differential Equations},
  FJOURNAL = {Journal of Differential Equations},
    VOLUME = {183},
      YEAR = {2002},
    NUMBER = {2},
     PAGES = {497--525},
      ISSN = {0022-0396,1090-2732},
   MRCLASS = {35K55 (35B30 35K65 49L25)},
  MRNUMBER = {1919788},
MRREVIEWER = {Naoki\ Yamada},
       DOI = {10.1006/jdeq.2001.4136},
       URL = {https://doi.org/10.1006/jdeq.2001.4136},
}

@article {CIL92,
    AUTHOR = {Crandall, Michael G. and Ishii, Hitoshi and Lions,
              Pierre-Louis},
     TITLE = {User's guide to viscosity solutions of second order partial
              differential equations},
   JOURNAL = {Bull. Amer. Math. Soc. (N.S.)},
  FJOURNAL = {American Mathematical Society. Bulletin. New Series},
    VOLUME = {27},
      YEAR = {1992},
    NUMBER = {1},
     PAGES = {1--67},
      ISSN = {0273-0979,1088-9485},
   MRCLASS = {35J60 (35B05 35D05 35G20)},
  MRNUMBER = {1118699},
MRREVIEWER = {P.\ Szeptycki},
       DOI = {10.1090/S0273-0979-1992-00266-5},
       URL = {https://doi.org/10.1090/S0273-0979-1992-00266-5},
}

@article {GRZ24,
    AUTHOR = {Giegrich, Michael and Reisinger, Christoph and Zhang, Yufei},
     TITLE = {Convergence of policy gradient methods for finite-horizon
              exploratory linear-quadratic control problems},
   JOURNAL = {SIAM J. Control Optim.},
  FJOURNAL = {SIAM Journal on Control and Optimization},
    VOLUME = {62},
      YEAR = {2024},
    NUMBER = {2},
     PAGES = {1060--1092},
      ISSN = {0363-0129,1095-7138},
   MRCLASS = {49N10 (93E20)},
  MRNUMBER = {4721060},
       DOI = {10.1137/22M1533517},
       URL = {https://doi.org/10.1137/22M1533517},
}


@article{PKK21,
  title={Time discretization-invariant safe action repetition for policy gradient methods},
  author={Park, Seohong and Kim, Jaekyeom and Kim, Gunhee},
  journal={Advances in Neural Information Processing Systems},
  volume={34},
  pages={267--279},
  year={2021}
}

@article {M06,
    AUTHOR = {Munos, R\'emi},
     TITLE = {Policy gradient in continuous time},
   JOURNAL = {J. Mach. Learn. Res.},
  FJOURNAL = {Journal of Machine Learning Research (JMLR)},
    VOLUME = {7},
      YEAR = {2006},
     PAGES = {771--791},
      ISSN = {1532-4435,1533-7928},
   MRCLASS = {93E20 (68T05 90C31)},
  MRNUMBER = {2274386},
}


@misc{Fahim_Multi-scale_GPM_for,
author = {Fahim, Arash and Rahman, Md Arafatur},
title = {{Multi-scale GPM for optimal control}},
url = {https://github.com/arashfahim/multiscale-PGM-for-stochastic-control},
version = {0.0.0},
year= {2024}
}

@article{JHW18,
  AUTHOR = {Han, Jiequn and Jentzen, Arnulf and E, Weinan},
     TITLE = {Solving high-dimensional partial differential equations using
              deep learning},
   JOURNAL = {Proc. Natl. Acad. Sci. USA},
  FJOURNAL = {Proceedings of the National Academy of Sciences of the United
              States of America},
    VOLUME = {115},
      YEAR = {2018},
    NUMBER = {34},
     PAGES = {8505--8510},
      ISSN = {0027-8424},
   MRCLASS = {35K55 (68T05 91A26 92C20)},
  MRNUMBER = {3847747},
       DOI = {10.1073/pnas.1718942115},
       URL = {https://doi.org/10.1073/pnas.1718942115},
}

@article{JHW17,
  title={Overcoming the curse of dimensionality: Solving high-dimensional partial differential equations using deep learning},
  author={Han, Jiequn and Jentzen, Arnulf and Weinan, E},
  journal={arXiv preprint arXiv:1707.02568},
  pages={1--13},
  year={2017},
  publisher={Working Paper}
}

@article{CSTV07,
  AUTHOR = {Cheridito, Patrick and Soner, H. Mete and Touzi, Nizar and
              Victoir, Nicolas},
     TITLE = {Second-order backward stochastic differential equations and
              fully nonlinear parabolic {PDE}s},
   JOURNAL = {Comm. Pure Appl. Math.},
  FJOURNAL = {Communications on Pure and Applied Mathematics},
    VOLUME = {60},
      YEAR = {2007},
    NUMBER = {7},
     PAGES = {1081--1110},
      ISSN = {0010-3640},
   MRCLASS = {60H10 (35R60 60H35)},
  MRNUMBER = {2319056},
MRREVIEWER = {Rainer Buckdahn},
       DOI = {10.1002/cpa.20168},
       URL = {https://doi.org/10.1002/cpa.20168},
}

@article {Karandikar,
    AUTHOR = {Karandikar, Rajeeva L.},
     TITLE = {On pathwise stochastic integration},
   JOURNAL = {Stochastic Process. Appl.},
  FJOURNAL = {Stochastic Processes and their Applications},
    VOLUME = {57},
      YEAR = {1995},
    NUMBER = {1},
     PAGES = {11--18},
      ISSN = {0304-4149},
   MRCLASS = {60H05},
  MRNUMBER = {1327950},
MRREVIEWER = {Guang Lu Gong},
       DOI = {10.1016/0304-4149(95)00002-O},
       URL = {https://doi.org/10.1016/0304-4149(95)00002-O},
}

@article{Zar01,
author = {Zariphopoulou, Thaleia},
year = {2001},
month = {02},
pages = {61-82},
title = {A Solution Approach to Valuation With Unhedgeable Risks},
volume = {5},
journal = {Finance and Stochastics},
doi = {10.1007/PL00000040}
}
@article {STZ12,
    AUTHOR = {Soner, H. Mete and Touzi, Nizar and Zhang, Jianfeng},
     TITLE = {Wellposedness of second order backward {SDE}s},
   JOURNAL = {Probab. Theory Related Fields},
  FJOURNAL = {Probability Theory and Related Fields},
    VOLUME = {153},
      YEAR = {2012},
    NUMBER = {1-2},
     PAGES = {149--190},
      ISSN = {0178-8051},
   MRCLASS = {60H10 (60H30)},
  MRNUMBER = {2925572},
MRREVIEWER = {Ju-Liang Yin},
       DOI = {10.1007/s00440-011-0342-y},
       URL = {https://doi.org/10.1007/s00440-011-0342-y},
}

@article{Chesney-Scott-1989,
  title={Pricing European currency options: A comparison of the modified Black-Scholes model and a random variance model},
  author={Chesney, Marc and Scott, Louis},
  journal={Journal of Financial and Quantitative Analysis},
  volume={24},
  number={3},
  pages={267--284},
  year={1989},
  publisher={Cambridge University Press}
}


@article{HPW20,
  title={Deep backward schemes for high-dimensional nonlinear PDEs},
  author={Hur{\'e}, C{\^o}me and Pham, Huy{\^e}n and Warin, Xavier},
  journal={Mathematics of Computation},
  volume={89},
  number={324},
  pages={1547--1579},
  year={2020}
}


@article{BCJW2021,
  title={Solving high-dimensional optimal stopping problems using deep learning},
  author={Becker, Sebastian and Cheridito, Patrick and Jentzen, Arnulf and Welti, Timo},
  journal={European Journal of Applied Mathematics},
  volume={32},
  number={3},
  pages={470--514},
  year={2021},
  publisher={Cambridge University Press}
}

@article {BHLP22,
    AUTHOR = {Bachouch, Achref and Hur\'{e}, C\^{o}me and Langren\'{e}, Nicolas and
              Pham, Huy\^{e}n},
     TITLE = {Deep neural networks algorithms for stochastic control
              problems on finite horizon: numerical applications},
   JOURNAL = {Methodol. Comput. Appl. Probab.},
  FJOURNAL = {Methodology and Computing in Applied Probability},
    VOLUME = {24},
      YEAR = {2022},
    NUMBER = {1},
     PAGES = {143--178},
      ISSN = {1387-5841},
   MRCLASS = {93E35 (65C20 65K10 68T07 90C39 90C40 93E20)},
  MRNUMBER = {4379483},
       DOI = {10.1007/s11009-019-09767-9},
       URL = {https://doi.org/10.1007/s11009-019-09767-9},
}



@book{T12,
  title={Optimal stochastic control, stochastic target problems, and backward SDE},
  author={Touzi, Nizar},
  volume={29},
  year={2012},
  publisher={Springer Science \& Business Media}
}


@phdthesis{HD23,
  title={Solving High-Dimensional Fully Nonlinear Convex Partial Differential Equations Using Deep Learning},
  author={Duong, Hung},
  year={2023},
  school={The Florida State University}
}

@book {MY99,
    AUTHOR = {Ma, Jin and Yong, Jiongmin},
     TITLE = {Forward-backward stochastic differential equations and their
              applications},
    SERIES = {Lecture Notes in Mathematics},
    VOLUME = {1702},
 PUBLISHER = {Springer-Verlag, Berlin},
      YEAR = {1999},
     PAGES = {xiv+270},
      ISBN = {3-540-65960-9},
   MRCLASS = {60H10},
  MRNUMBER = {1704232},
MRREVIEWER = {Fabio\ Antonelli},
}

@article {JK2002,
    AUTHOR = {Jakobsen, Espen R. and Karlsen, Kenneth H.},
     TITLE = {Continuous dependence estimates for viscosity solutions of
              fully nonlinear degenerate parabolic equations},
   JOURNAL = {J. Differential Equations},
  FJOURNAL = {Journal of Differential Equations},
    VOLUME = {183},
      YEAR = {2002},
    NUMBER = {2},
     PAGES = {497--525},
      ISSN = {0022-0396,1090-2732},
   MRCLASS = {35K55 (35B30 35K65 49L25)},
  MRNUMBER = {1919788},
MRREVIEWER = {Naoki\ Yamada},
       DOI = {10.1006/jdeq.2001.4136},
       URL = {https://doi.org/10.1006/jdeq.2001.4136},
}

@article {CIL92,
    AUTHOR = {Crandall, Michael G. and Ishii, Hitoshi and Lions,
              Pierre-Louis},
     TITLE = {User's guide to viscosity solutions of second order partial
              differential equations},
   JOURNAL = {Bull. Amer. Math. Soc. (N.S.)},
  FJOURNAL = {American Mathematical Society. Bulletin. New Series},
    VOLUME = {27},
      YEAR = {1992},
    NUMBER = {1},
     PAGES = {1--67},
      ISSN = {0273-0979,1088-9485},
   MRCLASS = {35J60 (35B05 35D05 35G20)},
  MRNUMBER = {1118699},
MRREVIEWER = {P.\ Szeptycki},
       DOI = {10.1090/S0273-0979-1992-00266-5},
       URL = {https://doi.org/10.1090/S0273-0979-1992-00266-5},
}
@article{CSTV07,
  AUTHOR = {Cheridito, Patrick and Soner, H. Mete and Touzi, Nizar and
              Victoir, Nicolas},
     TITLE = {Second-order backward stochastic differential equations and
              fully nonlinear parabolic {PDE}s},
   JOURNAL = {Comm. Pure Appl. Math.},
  FJOURNAL = {Communications on Pure and Applied Mathematics},
    VOLUME = {60},
      YEAR = {2007},
    NUMBER = {7},
     PAGES = {1081--1110},
      ISSN = {0010-3640},
   MRCLASS = {60H10 (35R60 60H35)},
  MRNUMBER = {2319056},
MRREVIEWER = {Rainer Buckdahn},
       DOI = {10.1002/cpa.20168},
       URL = {https://doi.org/10.1002/cpa.20168},
}

@article {Karandikar,
    AUTHOR = {Karandikar, Rajeeva L.},
     TITLE = {On pathwise stochastic integration},
   JOURNAL = {Stochastic Process. Appl.},
  FJOURNAL = {Stochastic Processes and their Applications},
    VOLUME = {57},
      YEAR = {1995},
    NUMBER = {1},
     PAGES = {11--18},
      ISSN = {0304-4149},
   MRCLASS = {60H05},
  MRNUMBER = {1327950},
MRREVIEWER = {Guang Lu Gong},
       DOI = {10.1016/0304-4149(95)00002-O},
       URL = {https://doi.org/10.1016/0304-4149(95)00002-O},
}

@article{Zar01,
author = {Zariphopoulou, Thaleia},
year = {2001},
month = {02},
pages = {61-82},
title = {A Solution Approach to Valuation With Unhedgeable Risks},
volume = {5},
journal = {Finance and Stochastics},
doi = {10.1007/PL00000040}
}

@book{FS06,
  title={Controlled Markov processes and viscosity solutions},
  author={Fleming, Wendell H and Soner, Halil Mete},
  volume={25},
  year={2006},
  publisher={Springer Science \& Business Media}
}